@book{buildings,
  title={Buildings: theory and applications},
  author={Abramenko, Peter and Brown, Kenneth S},
  volume={248},
  year={2008},
  publisher={Springer Science \& Business Media}
}
